@inproceedings{ye2014salient,
  title={Salient region detection: Integrate both global and local cues},
  author={Ye, Tiancai and Zhang, Dongming and Gao, Ke and Jin, Guoqing and Zhang, Yongdong and Yuan, Qingsheng},
  booktitle={Multimedia and Expo (ICME), 2014 IEEE International Conference on},
  pages={1--6},
  year={2014},
  organization={IEEE}
}
@book{bishop2006pattern,
  title={Pattern recognition and machine learning},
  author={Bishop, Christopher M and others},
  volume={4},
  number={4},
  year={2006},
  publisher={springer New York}
}
@book{murphy2012machine,
  title={Machine learning: a probabilistic perspective},
  author={Murphy, Kevin P},
  year={2012},
  publisher={MIT press}
}
@PhDThesis{CMM12THU,
  author = {Ming-Ming Cheng},
  title = {Saliency and Similarity Detection for Image Scene Analysis},
  school = {Tsinghua University},
  year = 2012,
  address = {Beijing, China},
}
@inproceedings{perazzi2012saliency,
  title={Saliency filters: Contrast based filtering for salient region detection},
  author={Perazzi, Federico and Krahenbuhl, Philipp and Pritch, Yael and Hornung, Alexander},
  booktitle={Computer Vision and Pattern Recognition (CVPR), 2012 IEEE Conference on},
  pages={733--740},
  year={2012},
  organization={IEEE}
}
@incollection{wei2012geodesic,
  title={Geodesic saliency using background priors},
  author={Wei, Yichen and Wen, Fang and Zhu, Wangjiang and Sun, Jian},
  booktitle={Computer Vision--ECCV 2012},
  pages={29--42},
  year={2012},
  publisher={Springer}
}
@inproceedings{shi2013pisa,
  title={PISA: Pixelwise Image Saliency by Aggregating Complementary Appearance Contrast Measures with Spatial Priors},
  author={Shi, Keyang and Wang, Keze and Lu, Jiangbo and Lin, Liang},
  booktitle={Computer Vision and Pattern Recognition (CVPR), 2013 IEEE Conference on},
  pages={2115--2122},
  year={2013},
  organization={IEEE}
}
@inproceedings{yan2013hierarchical,
  title={Hierarchical Saliency Detection},
  author={Yan, Qiong and Xu, Li and Shi, Jianping and Jia, Jiaya},
  year={2013},
  organization={CVPR}
}
@inproceedings{ke2012target,
  title={A Target Tracking Technology Based on Visual Salient Features},
  author={Ke, Hongchang and Wang, Hui and Kong, Degang},
  booktitle={Proceedings of the 2012 Third International Conference on Mechanic Automation and Control Engineering},
  pages={1349--1352},
  year={2012},
  organization={IEEE Computer Society}
}
@inproceedings{shabani2010human,
  title={Human action recognition using salient opponent-based motion features},
  author={Shabani, A-H and Zelek, John S and Clausi, David A},
  booktitle={Computer and Robot Vision (CRV), 2010 Canadian Conference on},
  pages={362--369},
  year={2010},
  organization={IEEE}
}
@inproceedings{jiang2011automatic,
  title={Automatic salient object segmentation based on context and shape prior.},
  author={Jiang, Huaizu and Wang, Jingdong and Yuan, Zejian and Liu, Tie and Zheng, Nanning and Li, Shipeng},
  booktitle={BMVC},
  volume={3},
  number={4},
  pages={7},
  year={2011}
}
@misc{shechtman2013methods,
  title={Methods and Apparatuses for Generating Co-Salient Thumbnails for Digital Images},
  author={Shechtman, Elya and Goldman, Daniel R and Jacobs, David E},
  year={2013},
  month=may # "~16",
  note={US Patent 20,130,120,438}
}
@inproceedings{deigmoeller2010context,
  title={A context-based approach to crop and scale video for broadcast applications},
  author={Deigmoeller, Joerg and Itagaki, Takebumi and Stoll, Gerhard and Just, Norbert},
  booktitle={Broadband Multimedia Systems and Broadcasting (BMSB), 2010 IEEE International Symposium on},
  pages={1--9},
  year={2010},
  organization={IEEE}
}
@article{fang2012effective,
  title={Effective image retrieval techniques based on novel salient region segmentation and relevance feedback},
  author={Fang, Min-Yuan and Kuan, Yu-Hsin and Kuo, Chung-Ming and Hsieh, Chaur-Heh},
  journal={Multimedia Tools and Applications},
  volume={57},
  number={3},
  pages={501--525},
  year={2012},
  publisher={Springer}
}
@article{tsai2012hierarchical,
  title={Hierarchical salient point selection for image retrieval},
  author={Tsai, Yao Hong},
  journal={Pattern Recognition Letters},
  volume={33},
  number={12},
  pages={1587--1593},
  year={2012},
  publisher={Elsevier}
}
@article{achanta2010slic,
  title={Slic superpixels},
  author={Achanta, Radhakrishna and Shaji, Appu and Smith, Kevin and Lucchi, Aurelien and Fua, Pascal and S{\"u}sstrunk, Sabine},
  journal={{\'E}cole Polytechnique F{\'e}d{\'e}ral de Lausssanne (EPFL), Tech. Rep},
  volume={149300},
  year={2010},
  publisher={Citeseer}
}
@article{beardslee1958readings,
  title={Readings in perception.},
  author={Beardslee, David C and Wertheimer, Michael Ed},
  year={1958},
  publisher={D. Van Nostrand}
}
@article{tatler2007central,
  title={The central fixation bias in scene viewing: Selecting an optimal viewing position independently of motor biases and image feature distributions},
  author={Tatler, Benjamin W},
  journal={Journal of Vision},
  volume={7},
  number={14},
  year={2007},
  publisher={Association for Research in Vision and Ophthalmology}
}
@article{kienzle2007nonparametric,
  title={A nonparametric approach to bottom-up visual saliency},
  author={Kienzle, Wolf and Wichmann, Felix and Sch{\"o}lkopf, Bernhard and Franz, Matthias},
  year={2007}
}
@inproceedings{santella2006gaze,
  title={Gaze-based interaction for semi-automatic photo cropping},
  author={Santella, Anthony and Agrawala, Maneesh and DeCarlo, Doug and Salesin, David and Cohen, Michael},
  booktitle={Proceedings of the SIGCHI conference on Human Factors in computing systems},
  pages={771--780},
  year={2006},
  organization={ACM}
}
@article{christopoulos2000jpeg2000,
  title={The JPEG2000 still image coding system: an overview},
  author={Christopoulos, Charilaos and Skodras, Athanassios and Ebrahimi, Touradj},
  journal={Consumer Electronics, IEEE Transactions on},
  volume={46},
  number={4},
  pages={1103--1127},
  year={2000},
  publisher={IEEE}
}
@article{han2006unsupervised,
  title={Unsupervised extraction of visual attention objects in color images},
  author={Han, Junwei and Ngan, King Ngi and Li, Mingjing and Zhang, Hong-Jiang},
  journal={Circuits and Systems for Video Technology, IEEE Transactions on},
  volume={16},
  number={1},
  pages={141--145},
  year={2006},
  publisher={IEEE}
}
@article{ko2006object,
  title={Object-of-interest image segmentation based on human attention and semantic region clustering},
  author={Ko, Byoung Chul and Nam, Jae-Yeal},
  journal={JOSA A},
  volume={23},
  number={10},
  pages={2462--2470},
  year={2006},
  publisher={Optical Society of America}
}
@inproceedings{chen2009sketch2photo,
  title={Sketch2Photo: internet image montage},
  author={Chen, Tao and Cheng, Ming-Ming and Tan, Ping and Shamir, Ariel and Hu, Shi-Min},
  booktitle={ACM Transactions on Graphics (TOG)},
  volume={28},
  number={5},
  pages={124},
  year={2009},
  organization={ACM}
}
@inproceedings{navalpakkam2006integrated,
  title={An integrated model of top-down and bottom-up attention for optimizing detection speed},
  author={Navalpakkam, Vidhya and Itti, Laurent},
  booktitle={Computer Vision and Pattern Recognition, 2006 IEEE Computer Society Conference on},
  volume={2},
  pages={2049--2056},
  year={2006},
  organization={IEEE}
}
@inproceedings{cheng2011global,
  title={Global contrast based salient region detection},
  author={Cheng, Ming-Ming and Zhang, Guo-Xin and Mitra, Niloy J and Huang, Xiaolei and Hu, Shi-Min},
  booktitle={Computer Vision and Pattern Recognition (CVPR), 2011 IEEE Conference on},
  pages={409--416},
  year={2011},
  organization={IEEE}
}
@inproceedings{zhai2006visual,
  title={Visual attention detection in video sequences using spatiotemporal cues},
  author={Zhai, Yun and Shah, Mubarak},
  booktitle={Proceedings of the 14th annual ACM international conference on Multimedia},
  pages={815--824},
  year={2006},
  organization={ACM}
}
@article{itti1998model,
  title={A model of saliency-based visual attention for rapid scene analysis},
  author={Itti, Laurent and Koch, Christof and Niebur, Ernst},
  journal={Pattern Analysis and Machine Intelligence, IEEE Transactions on},
  volume={20},
  number={11},
  pages={1254--1259},
  year={1998},
  publisher={IEEE}
}
@incollection{koch1987shifts,
  title={Shifts in selective visual attention: towards the underlying neural circuitry},
  author={Koch, Christof and Ullman, Shimon},
  booktitle={Matters of Intelligence},
  pages={115--141},
  year={1987},
  publisher={Springer}
}
@inproceedings{ma2003contrast,
  title={Contrast-based image attention analysis by using fuzzy growing},
  author={Ma, Yu-Fei and Zhang, Hong-Jiang},
  booktitle={Proceedings of the eleventh ACM international conference on Multimedia},
  pages={374--381},
  year={2003},
  organization={ACM}
}
@inproceedings{harel2006graph,
  title={Graph-based visual saliency},
  author={Harel, Jonathan and Koch, Christof and Perona, Pietro},
  booktitle={Advances in neural information processing systems},
  pages={545--552},
  year={2006}
}
@article{liu2011learning,
  title={Learning to detect a salient object},
  author={Liu, Tie and Yuan, Zejian and Sun, Jian and Wang, Jingdong and Zheng, Nanning and Tang, Xiaoou and Shum, Heung-Yeung},
  journal={Pattern Analysis and Machine Intelligence, IEEE Transactions on},
  volume={33},
  number={2},
  pages={353--367},
  year={2011},
  publisher={IEEE}
}
@inproceedings{viola2001rapid,
  title={Rapid object detection using a boosted cascade of simple features},
  author={Viola, Paul and Jones, Michael},
  booktitle={Computer Vision and Pattern Recognition, 2001. CVPR 2001. Proceedings of the 2001 IEEE Computer Society Conference on},
  volume={1},
  pages={I--511},
  year={2001},
  organization={IEEE}
}
@incollection{borji2012salient,
  title={Salient object detection: A benchmark},
  author={Borji, Ali and Sihite, Dicky N and Itti, Laurent},
  booktitle={Computer Vision--ECCV 2012},
  pages={414--429},
  year={2012},
  publisher={Springer}
}
@INPROCEEDINGS{maisaliency, 
author={Mai, Long and Niu, Yuzhen and Liu, Feng}, 
booktitle={Computer Vision and Pattern Recognition (CVPR), 2013 IEEE Conference on}, 
title={Saliency Aggregation: A Data-Driven Approach}, 
year={2013}, 
pages={1131-1138}, 
doi={10.1109/CVPR.2013.150}, 
ISSN={1063-6919},}
@inproceedings{achanta2009frequency,
  title={Frequency-tuned salient region detection},
  author={Achanta, Radhakrishna and Hemami, Sheila and Estrada, Francisco and Susstrunk, Sabine},
  booktitle={Computer Vision and Pattern Recognition, 2009. CVPR 2009. IEEE Conference on},
  pages={1597--1604},
  year={2009},
  organization={IEEE}
}
@MISC{UGM_software,
    title ={http://www.di.ens.fr/~mschmidt/Software/UGM.html},
}
@inproceedings{hou2007saliency,
  title={Saliency detection: A spectral residual approach},
  author={Hou, Xiaodi and Zhang, Liqing},
  booktitle={Computer Vision and Pattern Recognition, 2007. CVPR'07. IEEE Conference on},
  pages={1--8},
  year={2007},
  organization={IEEE}
}
@incollection{achanta2008salient,
  title={Salient region detection and segmentation},
  author={Achanta, Radhakrishna and Estrada, Francisco and Wils, Patricia and S{\"u}sstrunk, Sabine},
  booktitle={Computer Vision Systems},
  pages={66--75},
  year={2008},
  publisher={Springer}
}
@article{gopalakrishnan2009salient,
  title={Salient region detection by modeling distributions of color and orientation},
  author={Gopalakrishnan, Viswanath and Hu, Yiqun and Rajan, Deepu},
  journal={Multimedia, IEEE Transactions on},
  volume={11},
  number={5},
  pages={892--905},
  year={2009},
  publisher={IEEE}
}
@article{hou2012image,
  title={Image signature: Highlighting sparse salient regions},
  author={Hou, Xiaodi and Harel, Jonathan and Koch, Christof},
  journal={Pattern Analysis and Machine Intelligence, IEEE Transactions on},
  volume={34},
  number={1},
  pages={194--201},
  year={2012},
  publisher={IEEE}
}
@incollection{schauerte2012quaternion,
  title={Quaternion-based spectral saliency detection for eye fixation prediction},
  author={Schauerte, Boris and Stiefelhagen, Rainer},
  booktitle={Computer Vision--ECCV 2012},
  pages={116--129},
  year={2012},
  publisher={Springer}
}